@article{DUFFEY2005535,
    title = {Energy: The real choices in the 21st century},
    author = {Duffey, Romney B.},
    journal = {Progress in Nuclear Energy},
    volume = {47},
    number = {1-4},
    pages = {535--542},
    year = {2005}
}

@article{KESSIDES2012185,
    title = {The future of the nuclear industry reconsidered: Risks, uncertainties, and continued promise},
    author = {Kessides, Ioannis N.},
    journal = {Energy Policy},
    volume = {48},
    pages = {185--208},
    year = {2012}
}

@article{CORNER20114823,
    title = {Public attitudes toward nuclear power and climate change: Conditional acceptability?},
    author = {Corner, Adam and Venables, David and Spence, Alexa and Poortinga, Wouter and Demski, Christina and Pidgeon, Nick},
    journal = {Public Understanding of Science},
    volume = {20},
    pages = {4823--4836},
    year = {2011}
}

@article{LOVINS2022107122,
    title = {Nuclear energy and climate mitigation: Overstated claims and real opportunities},
    author = {Lovins, Amory B.},
    journal = {Renewable and Sustainable Energy Reviews},
    volume = {154},
    pages = {107122},
    year = {2022}
}

@article{Goldschmidt2010multilateral,
    title = {Multilateral nuclear approaches: Lessons from history},
    author = {Goldschmidt, Pierre},
    journal = {Nonproliferation Review},
    volume = {17},
    pages = {801--809},
    year = {2010}
}

@article{Nguyen,
    title = {The geopolitics of nuclear energy: Russia, China, and global supply chains},
    author = {Nguyen, Hoang},
    journal = {Journal of Energy Security},
    volume = {29},
    pages = {67--85},
    year = {2019}
}

@article{Doyle,
    title = {Framing nuclear power as a climate solution: Media narratives and policy shifts in the UK},
    author = {Doyle, Julie},
    journal = {Environmental Politics},
    volume = {20},
    pages = {851--858},
    year = {2011}
}

@article{bunn2019nuclear,
    title = {Nuclear energy, climate change, and proliferation: Challenges and opportunities},
    author = {Bunn, Matthew},
    journal = {Daedalus},
    volume = {148},
    number = {4},
    pages = {82--98},
    year = {2019}
}

@article{scheffran2015climate,
    title = {Climate change and nuclear risks: A double challenge for security and sustainability},
    author = {Scheffran, JÃ¼rgen},
    journal = {Climatic Change},
    volume = {130},
    number = {3},
    pages = {327--339},
    year = {2015}
}
